<record><leader>00000cas a22000007a 4500</leader><controlfield tag="001">19613786</controlfield><controlfield tag="008">890427d18971913couwr ne      0    0eng d</controlfield><datafield ind1=" " ind2=" " tag="010"><subfield code="a">sn 89052089 </subfield></datafield><datafield ind1=" " ind2=" " tag="040"><subfield code="a">CNQ</subfield><subfield code="b">eng</subfield><subfield code="c">CNQ</subfield><subfield code="d">OCLCQ</subfield></datafield><datafield ind1=" " ind2=" " tag="042"><subfield code="a">msc</subfield></datafield><datafield ind1="0" ind2="4" tag="245"><subfield code="a">The Weld County Republican.</subfield></datafield><datafield ind1=" " ind2=" " tag="260"><subfield code="a">Greeley, Colo. :</subfield><subfield code="b">Weld County Republican Pub. Co.</subfield></datafield><datafield ind1=" " ind2=" " tag="300"><subfield code="a">v.</subfield></datafield><datafield ind1=" " ind2=" " tag="310"><subfield code="a">Weekly</subfield></datafield><datafield ind1="0" ind2=" " tag="362"><subfield code="a">Republican, vol. 1, no. 1 (Sept. 25, 1897)- = The Times, v. 4, no. 42-</subfield></datafield><datafield ind1="1" ind2=" " tag="362"><subfield code="a">Ceased in 1913?</subfield></datafield><datafield ind1=" " ind2=" " tag="530"><subfield code="a">Available on microfilm from the Colorado Historical Society.</subfield></datafield><datafield ind1=" " ind2=" " tag="752"><subfield code="a">United States</subfield><subfield code="b">Colorado</subfield><subfield code="c">Weld</subfield><subfield code="d">Greeley.</subfield></datafield><datafield ind1="0" ind2="0" tag="780"><subfield code="t">Times (Greeley, Colo.)</subfield><subfield code="w">(DLC)sn 89052097</subfield></datafield><datafield ind1="0" ind2="5" tag="780"><subfield code="t">Daily pioneer</subfield></datafield><datafield ind1="0" ind2="5" tag="780"><subfield code="t">Greeley sun</subfield><subfield code="w">(DLC)sn 86066859</subfield></datafield><datafield ind1="0" ind2="7" tag="785"><subfield code="t">Greeley tribune (Greeley, Colo. : Weekly)</subfield><subfield code="w">(DLC)sn 84022265</subfield></datafield><datafield ind1="0" ind2="7" tag="785"><subfield code="t">Greeley tribune and the Weld County Republican</subfield><subfield code="w">(DLC)sn 89052090</subfield></datafield></record>